

@book{networkreport,
  title={中国互联网络发展状况统计报告},
  author={中国互联网络信息中心},
  url={http://cac.gov.cn/wxb_pdf/CNNIC42.pdf},
  year={2018}
}

@inproceedings{bhuyan2015low,
  title={{Low-Rate and High-Rate Distributed DoS Attack Detection Using Partial Rank Correlation}},
  author={Bhuyan, Monowar H and Kalwar, Abhishek and Goswami, A and Bhattacharyya, DK and Kalita, JK},
  booktitle={2015 Fifth International Conference on Communication Systems and Network Technologies},
  pages={706--710},
  year={2015},
  organization={IEEE},
  address={Gwalior, MP, India}
}

@inproceedings{chen2007spectral,
  title={Spectral Analysis of TCP Flows for Defense Against Reduction-of-Quality Attacks},
  author={Chen, Yu and Hwang, Kai},
  booktitle={2007 IEEE International Conference on Communications},
  pages={1203--1210},
  year={2007},
  organization={IEEE},
  address={Glasgow, Scotland, UK}
}

@inproceedings{brynielsson2015detectability,
  title={{Detectability of low-rate HTTP server DoS attacks using spectral analysis}},
  author={Brynielsson, Joel and Sharma, Rishie},
  booktitle={2015 IEEE/ACM International Conference on Advances in Social Networks Analysis and Mining (ASONAM)},
  pages={954--961},
  year={2015},
  organization={IEEE},
  address={Paris, France}
}

@inproceedings{patel2016throughput,
  title={{Throughput analysis of AQM schemes under low-rate Denial of service attacks}},
  author={Patel, Sanjeev and Gupta, Badal and Sharma, Vishnu},
  booktitle={2016 International Conference on Computing, Communication and Automation (ICCCA)},
  pages={551--554},
  year={2016},
  organization={IEEE},
  address={Busan, Korea}
}

@inproceedings{LDoS,
  title={{Low-rate TCP-targeted Denial of Service Attacks: The Shrew vs. The Mice and Elephants}},
  author={Kuzmanovic, Aleksandar and Knightly, Edward W},
  booktitle={Proceedings of the 2003 ACM Conference on Applications, Technologies, Architectures, and Protocols for Computer Communications},
  pages={75--86},
  year={2003},
  publisher={{ACM}},
  address={New York, NY, USA}
}

@article{luo2009detecting,
  title={{Detecting Pulsing Denial-of-service Attacks with Nondeterministic Attack Intervals}},
  author={Luo, Xiapu and Chan, Edmond WW and Chang, Rocky KC},
  journal={EURASIP Journal on Advances in Signal Processing},
  volume={2009},
  pages={8},
  year={2009},
  publisher={Hindawi Publishing Corp.}
}

@article{ren2007pulsing,
  title={{Pulsing RoQ DDoS attack and defense scheme in mobile ad hoc networks}},
  author={Ren, Wei and Yeung, Dit-Yan and Jin, Hai and Yang, Mei},
  journal={International Journal of Network Security},
  volume={4},
  number={2},
  pages={227--234},
  year={2007},
  publisher={捷頂科技有限公司}
}

@article{2000Computing,
  author    = {Vern Paxson and
               Mark Allman},
  title     = {{Computing TCP's Retransmission Timer}},
  journal   = {{RFC}},
  volume    = {2988},
  pages     = {1--8},
  year      = {2000},
}



@article{Maci2007Evaluation,
  title={{Evaluation of a low-rate DoS attack against iterative servers}},
  author={Maciá-Fernández, Gabriel and Díaz-Verdejo, Jesús E. and García-Teodoro, Pedro},
  journal={Computer Networks},
  volume={51},
  number={4},
  pages={1013-1030},
  year={2007},
}

@inproceedings{Luo2005OnAN,
  title={{On a New Class of Pulsing Denial-of-Service Attacks and the Defense}},
  author={Xiapu Luo and Rocky K. C. Chang},
  organization={NDSS},
  year={2005},
  address={San Diego, California, {USA}}
}

@article{O1994TCP,
  title={{TCP Vegas: New Techniques for Congestion Detection and Avoidance}},
  author={O'Malley, Sean W. and Brakmo, Lawrence S. and Peterson, Larry L.},
  journal={Sigcomm},
  volume={24},
  number={4},
  pages={24-35},
  year={1994},
}

@article{Jacobson1988Congestion,
  title={{Congestion avoidance and control}},
  author={Jacobson, V.},
  journal={Acm Sigcomm Computer Communication Review},
  volume={18},
  number={4},
  pages={314-329},
  year={1988},
}

@article{Ha2008CUBIC,
  title={{CUBIC: a new TCP-friendly high-speed TCP variant}},
  author={Ha, Sangtae and Rhee, Injong and Xu, Lisong},
  journal={Acm Sigops Operating Systems Review},
  volume={42},
  number={5},
  pages={64-74},
  year={2008},
}

@inproceedings{inproceedings,
  author = {Winstein, Keith and Balakrishnan, Hari},
  year = {2013},
  pages = {123-134},
  title = {{TCP ex Machina: Computer-Generated Congestion Control}},
  volume = {43},
  journal = {ACM SIGCOMM Computer Communication Review},
}

@article{Winstein2013Remy,
 author = {Winstein, Keith and Balakrishnan, Hari},
 title = {{TCP Ex Machina: Computer-generated Congestion Control}},
 journal = {SIGCOMM Comput. Commun. Rev.},
 volume = {43},
 number = {4},
 year = {2013},
 pages = {123-134},
}

@article{Cardwell2017BBR,
  title={{BBR: Congestion-based congestion control}},
  author={Cardwell, Neal and Cheng, Yuchung and Gunn, C. Stephen and Yeganeh, Soheil Hassas and Jacobson, Van},
  journal={Communications of the Acm},
  volume={60},
  number={2},
  pages={58-66},
  year={2017},
}

@article{shevtekar2005low,
  title={{Low rate TCP denial-of-service attack detection at edge routers}},
  author={Shevtekar, Amey and Anantharam, Karunakar and Ansari, Nirwan},
  journal={IEEE Communications Letters},
  volume={9},
  number={4},
  pages={363--365},
  year={2005},
  publisher={IEEE},
}

@article{wuLDoSdetect,
  title={基于时间窗统计的LDoS攻击检测方法的研究},
  author={吴志军 and 曾化龙 and 岳猛},
  journal={通信学报},
  volume={31},
  number={12},
  pages={55-62},
  year={2010},
}

@article{Maci2007LoRDAS,
  title={{LoRDAS: A Low-Rate DoS Attack against Application Servers}},
  author={Maciáfernández, Gabriel and Díazverdejo, Jesús E. and Garcíateodoro, Pedro and Toronegro, Francisco De},
  journal={Lecture Notes in Computer Science},
  volume={5141},
  pages={197-209},
  year={2007},
}

@article{b1,
  title={{Flow level detection and filtering of low-rate DDoS}},
  author={Zhang, Changwang and Cai, Zhiping and Chen, Weifeng and Luo, Xiapu and Yin, Jianping},
  journal={Computer Networks},
  volume={56},
  number={15},
  pages={3417--3431},
  year={2012},
  publisher={Elsevier}
}

@inproceedings{b2,
  title={{Low-Rate TCP-Targeted DoS Attack Disrupts Internet Routing}.},
  author={Zhang, Ying and Mao, Zhuoqing Morley and Wang, Jia},
  booktitle={NDSS},
  year={2007},
  organization={Citeseer},
  address={San Diego, California, USA}
}

@inproceedings{b3,
  title={{Filtering of shrew {DDoS} attacks in frequency domain}},
  author={Chen, Yu and Hwang, Kai and Kwok, Yu-Kwong},
  booktitle={The IEEE Conference on Local Computer Networks 30th Anniversary (LCN'05) l},
  pages={8--pp},
  year={2005},
  organization={IEEE},
  address={Sydney, Australia}
}

@inproceedings{b4,
  title={{Defending against low-rate {TCP} attacks: {Dynamic} detection and protection}},
  author={Sun, Haibin and Lui, John CS and Yau, David KY},
  booktitle={Proceedings of the 12th IEEE International Conference on Network Protocols, 2004. ICNP 2004.},
  pages={196--205},
  year={2004},
  organization={IEEE},
  address={Berlin, Germany}
}

@article{b5,
  title={{Defense techniques for low-rate DoS attacks against application servers}},
  author={Maci{\'a}-Fern{\'a}ndez, Gabriel and Rodr{\'\i}guez-G{\'o}mez, Rafael A and D{\'\i}az-Verdejo, Jes{\'u}s E},
  journal={Computer Networks},
  volume={54},
  number={15},
  pages={2711--2727},
  year={2010},
  publisher={Elsevier}
}

@inproceedings{b6,
  title={{A Novel Mechanism to Defend Against Low-Rate Denial-of-Service Attacks}},
  author={Wei, Wei and Dong, Yabo and Lu, Dongming and Jin, Guang and Lao, Honglan},
  booktitle={International Conference on Intelligence and Security Informatics},
  pages={261--271},
  year={2006},
  organization={Springer},
  address={San Diego, CA, USA}
}

@article{b7,
  title={{Collaborative detection and filtering of shrew DDoS attacks using spectral analysis}},
  author={Chen, Yu and Hwang, Kai},
  journal={Journal of Parallel and Distributed Computing},
  volume={66},
  number={9},
  pages={1137--1151},
  year={2006},
  publisher={Elsevier}
}

@article{b8,
  title={{The taming of the shrew: mitigating low-rate TCP-targeted attack}},
  author={Chang, Chia-Wei and Lee, Seungjoon and Lin, Bill and Wang, Jia},
  journal={IEEE Transactions on Network and Service Management},
  volume={7},
  number={1},
  pages={1--13},
  year={2010},
  publisher={IEEE}
}

@inproceedings{b9,
  title={{Bohatei: Flexible and Elastic DDoS Defense}},
  author={Fayaz, Seyed K and Tobioka, Yoshiaki and Sekar, Vyas and Bailey, Michael},
  booktitle={24th USENIX Security Symposium (USENIX Security 15)},
  pages={817--832},
  year={2015},
  address={Washington, D.C., USA},
  publisher={{USENIX} Association}
}

@inproceedings{b10,
  title={{DDoS attack detection under SDN context}},
  author={Xu, Yang and Liu, Yong},
  booktitle={IEEE INFOCOM 2016-The 35th Annual IEEE International Conference on Computer Communications},
  pages={1--9},
  year={2016},
  organization={IEEE},
  address={San Francisco, CA, USA}
}

@article{b11,
  title={{DDoS attack detection and mitigation using SDN: methods, practices, and solutions}},
  author={Bawany, Narmeen Zakaria and Shamsi, Jawwad A and Salah, Khaled},
  journal={Arabian Journal for Science and Engineering},
  volume={42},
  number={2},
  pages={425--441},
  year={2017},
  publisher={Springer}
}

@inproceedings{b12,
  title={{FloodDefender: Protecting data and control plane resources under SDN-aimed DoS attacks}},
  author={Shang, Gao and Zhe, Peng and Bin, Xiao and Aiqun, Hu and Kui, Ren},
  booktitle={IEEE INFOCOM 2017-IEEE Conference on Computer Communications},
  pages={1--9},
  year={2017},
  organization={IEEE},
  address={Atlanta, GA, USA}
}

@article{b13,
  title={{Defending Against New-Flow Attack in SDN-Based Internet of Things}},
  author={Xu, Tong and Gao, Deyun and Dong, Ping and Zhang, Hongke and Foh, Chuan Heng and Chao, Han-Chieh},
  journal={IEEE Access},
  volume={5},
  pages={3431--3443},
  year={2017},
  publisher={IEEE}
}

@inproceedings{b14,
  title={{FADM: DDoS Flooding Attack Detection and Mitigation System in Software-Defined Networking}},
  author={Hu, Dingwen and Hong, Peilin and Chen, Yixin},
  booktitle={GLOBECOM 2017-2017 IEEE Global Communications Conference},
  pages={1--7},
  year={2017},
  organization={IEEE},
  address={Singapore}
}

@inproceedings{b15,
  title={{SDN-Based DDoS Attack Detection with Cross-Plane Collaboration and Lightweight Flow Monitoring}},
  author={Yang, Xiangrui and Han, Biao and Sun, Zhigang and Huang, Jinfeng},
  booktitle={GLOBECOM 2017-2017 IEEE Global Communications Conference},
  pages={1--6},
  year={2017},
  organization={IEEE},
  address={Singapore}
}

@inproceedings{b16,
  title={{SPIFFY: Inducing Cost-Detectability Tradeoffs for Persistent Link-Flooding Attacks}.},
  author={Kang, Min Suk and Gligor, Virgil D and Sekar, Vyas},
  organization={NDSS},
  year={2016},
  address={San Diego, California, USA}
}

@inproceedings{b17,
  title={{Defense against low-rate TCP-targeted denial-of-service attacks}},
  author={Yang, Guang and Gerla, Mario and Sanadidi, MY},
  booktitle={Proceedings. ISCC 2004. Ninth International Symposium on Computers And Communications (IEEE Cat. No. 04TH8769)},
  volume={1},
  pages={345--350},
  year={2004},
  organization={IEEE},
  address={Alexandria, Egypt}
}

@inproceedings{b18,
  title={{FloodShield: Securing the SDN Infrastructure Against Denial-of-Service Attacks}},
  author={Zhang, Menghao and Bi, Jun and Bai, Jiasong and Li, Guanyu},
  booktitle={2018 17th IEEE International Conference On Trust, Security And Privacy In Computing And Communications/12th IEEE International Conference On Big Data Science And Engineering (TrustCom/BigDataSE)},
  pages={687--698},
  year={2018},
  organization={IEEE},
  address={Atlanta, GA, USA}
}

@misc{b19,
title = {{GITHUB SURVIVED THE BIGGEST DDOS ATTACK EVER RECORDED}},
howpublished = {\url{ https://www.wired.com/story/github-ddos-memcached/} }
}

@article{Kuzmanovic2006Low,
  title={{Low-rate TCP-targeted Denial of Service Attacks and Counter Strategies}},
  author={Kuzmanovic, Aleksandar and Knightly, Edward W.},
  journal={IEEE/ACM Transactions on Networking},
  volume={14},
  number={4},
  pages={683-696},
  year={2006},
}



@inproceedings{b22,
  title={{HAWK: Halting Anomalies with Weighted Choking to Rescue Well-Behaved TCP Sessions from Shrew DDoS Attacks}},
  author={Kwok, Yu-Kwong and Tripathi, Rohit and Chen, Yu and Hwang, Kai},
  booktitle={International Conference on Networking and Mobile Computing},
  pages={423--432},
  year={2005},
  organization={Springer},
  address={Zhangjiajie, China}
}

@inproceedings{b23,
  title={{FRESCO: Modular Composable Security Services for Software-Defined Networks}},
  author={Shin, Seung Won and Porras, Phillip and Yegneswara, Vinod and Fong, Martin and Gu, Guofei and Tyson, Mabry},
  booktitle={20th Annual Network \& Distributed System Security Symposium},
  year={2013},
  organization={NDSS},
  address={San Diego, California, USA}
}

@article{b24,
  title={{Realtime DDoS Defense Using COTS SDN Switches via Adaptive Correlation Analysis}},
  author={Zheng, Jing and Li, Qi and Gu, Guofei and Cao, Jiahao and Yau, David KY and Wu, Jianping},
  journal={IEEE Transactions on Information Forensics and Security},
  volume={13},
  number={7},
  pages={1838--1853},
  year={2018},
  publisher={IEEE}
}

@inproceedings{b25,
  title={{Multiple and partial periodicity mining in time series databases}},
  author={Berberidis, Christos and Aref, Walid G and Atallah, Mikhail and Vlahavas, Ioannis and Elmagarmid, Ahmed K and others},
  booktitle={ECAI},
  volume={2},
  pages={370--374},
  year={2002}
}

@inproceedings{wang2015floodguard,
  title={{FloodGuard: {A} DoS Attack Prevention Extension in Software-Defined Networks}},
  author={Wang, Haopei and Xu, Lei and Gu, Guofei},
  booktitle={2015 45th Annual IEEE/IFIP International Conference on Dependable Systems and Networks},
  pages={239--250},
  year={2015},
  organization={IEEE},
  address={Rio de Janeiro, Brazil}
}


@inproceedings{shin2013avant,
  title={{AVANT-GUARD: Scalable and Vigilant Switch Flow Management in Software-defined Networks}},
  author={Shin, Seungwon and Yegneswaran, Vinod and Porras, Phillip and Gu, Guofei},
  booktitle={Proceedings of the 2013 ACM SIGSAC Conference on Computer \& communications security},
  pages={413--424},
  year={2013},
  organization={ACM},
  address={Berlin, Germany}
}

@inproceedings{cao2017disrupting,
  title={{Disrupting SDN via the Data Plane: A Low-Rate Flow Table Overflow Attack}},
  author={Cao, Jiahao and Xu, Mingwei and Li, Qi and Sun, Kun and Yang, Yuan and Zheng, Jing},
  booktitle={International Conference on Security and Privacy in Communication Systems},
  pages={356--376},
  year={2017},
  organization={Springer},
  address={Niagara Falls, ON, Canada}
}

@inproceedings{zhang2017ftguard,
  title={{FTGuard: {A} Priority-Aware Strategy Against the Flow Table Overflow Attack in {SDN}}.},
  author={Zhang, Menghao and Bi, Jun and Bai, Jiasong and Dong, Zhao and Li, Yongbin and Li, Zhaogeng},
  booktitle={SIGCOMM Posters and Demos},
  pages={141--143},
  year={2017},
  address={Los Angeles, CA, USA},
  publisher={{ACM}}
}






@inproceedings{kocher99,
  author =       {C. Kocher and J. Jaffe and B. Jun},
  title =        {{Differential Power Analysis}},
  editor =       {M. Wiener},
  booktitle =    {Advances in Cryptology ({CRYPTO}~'99)},
  series =       {Lecture Notes in Computer Science},
  volume =       1666,
  pages =        {388-397},
  publisher =    {Springer-Verlag},
  address   =    {Germany},
  month =        {August},
  year =         1999
}

@incollection{Krasnogor2004e,
  author =       {N. Krasnogor},
  title =        {Towards robust memetic algorithms},
  booktitle =    {{Recent Advances in Memetic Algorithms}},
  publisher =    {Springer Berlin Heidelberg},
  year =         2004,
  pages =        {185-207},
  editor =       {W.E. Hart and N. Krasnogor and J.E. Smith},
  volume =       166,
  series =       {Studies in Fuzziness and Soft Computing},
  address =      {New York},
}

@incollection{zjsw,
  author =       {班固},
  title =        {苏武传},
  booktitle =    {传记散文英华},
  publisher =    {湖北人民出版社},
  year =         1998,
  pages =        {65-69},
  editor =       {郑在瀛 and 汪超宏 and 周文复},
  volume =       2,
  series =       {新古文观止丛书},
  address =      {武汉},
}

@inbook{clzs,
  author =       {阎真},
  title =        {沧浪之水},
  chapter =      {大人物还是讲人情的},
  pages =        {185-207},
  publisher =    {人民文学出版社},
  address =      {北京},
  year =         2001,
}

@book{tex,
  author =       "Donald E. Knuth",
  title =        "The {\TeX} Book",
  publisher =    "Addison-Wesley Publishing Company",
  address =      "Reading, MA",
  year =         1989,
  edition =      "15th",
}

@book{companion,
  author =       "Michel Goosens and Frank Mittelbach and Alexander Samarin",
  title =        "The {\LaTeX} Companion",
  publisher =    "Addison-Wesley Publishing Company",
  address =      "Reading, MA",
  PAGES =        "112--125",
  year =         1994,
}

@article{ELIDRISSI94,
  author =       "{Chafik El Idrissi}, M. and {Roney}, A. and {Frigon}, C. and
                  {Larzilli{\`e}re}, M.",
  title =        "Measurements of total kinetic-energy released to the {$N=2$}
                  dissociation limit of {H}$_2$ --- evidence of the dissociation
                  of very high vibrational {R}ydberg states of {H}$_2$ by
                  doubly-excited states",
  journal =      "Chemical Physics Letters",
  pages =        "260-266",
  volume =       224,
  number =       10,
  year =         1994,
}

@article{MELLINGER96,
  author =       "Mellinger, A. and Vidal, C. R. and Jungen, Ch.",
  title =        "Laser reduced fluorescence study of the carbon-monoxide nd
                  triplet {R}ydberg series-experimental results and multichannel
                  quantum-defect analysis",
  journal =      "J. Chem. Phys.",
  pages =        "8913-8921",
  volume =       104,
  number =       5,
  year =         1996,
}

@article{SHELL02,
  author =       "Michael Shell",
  title =        "How to Use the {IEEEtran \LaTeX} Class",
  journal =      "Journal of {\LaTeX} Class Files",
  year =         2002,
  volume =       12,
  number =       4,
  pages =        "100--120"
}

@TechReport{NPB2,
  title =        {The {NAS} Parallel Benchmarks 2.0},
  author =       {Alex Woo and David Bailey and Maurice Yarrow and Wijngaart
                  Wijngaart and Tim Harris and William Saphir},
  year =         1995,
  month =        dec # "~05",
  institution =  "The Pennsylvania State University CiteSeer Archives",
  url =          "http://www.nasa.org/"
}

@inproceedings{DPMG,
  author =       {Kim, Sangbum and Woo, Namyoon and Yeom, Heon Y. and Park,
                  Taesoon and Park, Hyoungwoo},
  title =        {Design and {I}mplementation of {D}ynamic {P}rocess
                  {M}anagement for {G}rid-enabled {MPICH}},
  booktitle =    {the 10th European PVM/MPI Users' Group Conference},
  editor =       {Jack Dongarra and Domenico Laforenza and Salvatore Orlando},
  publisher =    {Springer-Verlag},
  year =         2003,
  address =      {Venice, Italy},
  month =        sep,
}

@inproceedings{cnproceed,
  author =       {王重阳 and 黄药师 and 欧阳峰 and 洪七公 and 段皇帝},
  publisher =    {金大庸},
  title =        {武林高手从入门到精通},
  booktitle =    {第~$N$~次华山论剑},
  year =         2006,
  address =      {西安, 中国},
  month =        sep,
}

@article{cnarticle,
  author =       "贾宝玉 and 林黛玉 and 薛宝钗 and 贾探春",
  title =        "论刘姥姥食量大如牛之现实意义",
  journal =      "红楼梦杂谈",
  pages =        "260--266",
  volume =       224,
  year =         1800,
}

@mastersthesis{zhubajie,
  author =       {猪八戒},
  title =        {论流体食物的持久保存},
  school =       {广寒宫大学},
  year =         2005,
  address =      {北京},
}

@phdthesis{shaheshang,
  author =       {沙和尚},
  title =        {论流沙河的综合治理},
  school =       {清华大学},
  year =         2005,
  address =      {北京},
}

@mastersthesis{metamori2004,
  author =       {Ashwin Raju Jeyakumar},
  title =        {Metamori: A library for Incremental File Checkpointing},
  school =       {Virgina Tech},
  year =         2004,
  month =        jun # "~21",
  address =      {Blacksburg},
}

@phdthesis{FistSystem01,
  author =       "Erez Zadok",
  title =        "{FiST: A System for Stackable File System Code Generation}",
  year =         2001,
  month =        "May",
  school =       "Computer Science Department, Columbia University",
  address =      "USA"
}

@inbook{ColdSources,
  author =       {P. Gr{\"o}ning and L. Nilsson and P. Ruffieux and R.
                  Clergereaux and O. Gr{\"o}ning},
  title =        {Encyclopedia of Nanoscience and Nanotechnology},
  pages =        {547--579},
  publisher =    {American Scientific Publishers},
  year =         2004,
  volume =       1,
  address =      {USA},
}

@online{chuban2001,
  author =      {萧钰},
  title =       {出版业信息化迈入快车道},
  date  =       {2001-12-19},
  urldate =     {2002-04-15},
  url =         {http://www.creader.com/news/200112190019.htm},
}

@online{oclc2000,
  author =      {{Online Computer Library Center, Inc.}},
  title =       {History of {OCLC}},
  year =        2000,
  urldate =     {2000-01-08},
  url =         {http://www.oclc.org/about/history/default.htm},
}


@online{thuthesis,
  author =      {薛瑞尼},
  title =       {ThuThesis: 清华大学学位论文模板},
  urldate =     {2017-12-02},
  url =         {https://github.com/xueruini/thuthesis},
  year =        2017,
}
